@ARTICLE{Luger2021a,
       author = {{Luger}, Rodrigo and {Foreman-Mackey}, Daniel and {Hedges}, Christina and {Hogg}, David W.},
        title = "{Mapping Stellar Surfaces. I. Degeneracies in the Rotational Light-curve Problem}",
      journal = {\aj},
     keywords = {Time series analysis, Light curves, Stellar surfaces, Starspots, 1916, 918, 1632, 1572, Astrophysics - Solar and Stellar Astrophysics, Astrophysics - Instrumentation and Methods for Astrophysics},
         year = 2021,
        month = sep,
       volume = {162},
       number = {3},
          eid = {123},
        pages = {123},
          doi = {10.3847/1538-3881/abfdb8},
archivePrefix = {arXiv},
       eprint = {2102.00007},
 primaryClass = {astro-ph.SR},
       adsurl = {https://ui.adsabs.harvard.edu/abs/2021AJ....162..123L},
      adsnote = {Provided by the SAO/NASA Astrophysics Data System}
}

@ARTICLE{Luger2021b,
       author = {{Luger}, Rodrigo and {Foreman-Mackey}, Daniel and {Hedges}, Christina},
        title = "{Mapping Stellar Surfaces. II. An Interpretable Gaussian Process Model for Light Curves}",
      journal = {\aj},
     keywords = {Analytical mathematics, Time series analysis, Gaussian Processes regression, Starspots, 38, 1916, 1930, 1572, Astrophysics - Solar and Stellar Astrophysics, Astrophysics - Earth and Planetary Astrophysics, Astrophysics - Instrumentation and Methods for Astrophysics},
         year = 2021,
        month = sep,
       volume = {162},
       number = {3},
          eid = {124},
        pages = {124},
          doi = {10.3847/1538-3881/abfdb9},
archivePrefix = {arXiv},
       eprint = {2102.01697},
 primaryClass = {astro-ph.SR},
       adsurl = {https://ui.adsabs.harvard.edu/abs/2021AJ....162..124L},
      adsnote = {Provided by the SAO/NASA Astrophysics Data System}
}

@MISC{lightkurve,
   author = {{Lightkurve Collaboration} and {Cardoso}, J.~V.~d.~M. and
             {Hedges}, C. and {Gully-Santiago}, M. and {Saunders}, N. and
             {Cody}, A.~M. and {Barclay}, T. and {Hall}, O. and
             {Sagear}, S. and {Turtelboom}, E. and {Zhang}, J. and
             {Tzanidakis}, A. and {Mighell}, K. and {Coughlin}, J. and
             {Bell}, K. and {Berta-Thompson}, Z. and {Williams}, P. and
             {Dotson}, J. and {Barentsen}, G.},
    title = "{Lightkurve: Kepler and TESS time series analysis in Python}",
 keywords = {Software, NASA},
howpublished = {Astrophysics Source Code Library},
     year = 2018,
    month = dec,
archivePrefix = "ascl",
   eprint = {1812.013},
   adsurl = {http://adsabs.harvard.edu/abs/2018ascl.soft12013L},
}

@ARTICLE{Hogg2020,
       author = {{Hogg}, David W. and {Price-Whelan}, Adrian M. and {Leistedt}, Boris},
        title = "{Data Analysis Recipes: Products of multivariate Gaussians in Bayesian inferences}",
      journal = {arXiv e-prints},
     keywords = {Statistics - Computation, Astrophysics - Instrumentation and Methods for Astrophysics, Physics - Data Analysis, Statistics and Probability},
         year = 2020,
        month = may,
          eid = {arXiv:2005.14199},
        pages = {arXiv:2005.14199},
          doi = {10.48550/arXiv.2005.14199},
archivePrefix = {arXiv},
       eprint = {2005.14199},
 primaryClass = {stat.CO},
       adsurl = {https://ui.adsabs.harvard.edu/abs/2020arXiv200514199H},
      adsnote = {Provided by the SAO/NASA Astrophysics Data System}
}

@ARTICLE{Babcock1961,
       author = {{Babcock}, H.~W.},
        title = "{The Topology of the Sun's Magnetic Field and the 22-YEAR Cycle.}",
      journal = {\apj},
         year = 1961,
        month = mar,
       volume = {133},
        pages = {572},
          doi = {10.1086/147060},
       adsurl = {https://ui.adsabs.harvard.edu/abs/1961ApJ...133..572B},
      adsnote = {Provided by the SAO/NASA Astrophysics Data System}
}

@ARTICLE{Charbonneau2014,
       author = {{Charbonneau}, Paul},
        title = "{Solar Dynamo Theory}",
      journal = {\araa},
         year = 2014,
        month = aug,
       volume = {52},
        pages = {251-290},
          doi = {10.1146/annurev-astro-081913-040012},
       adsurl = {https://ui.adsabs.harvard.edu/abs/2014ARA&A..52..251C},
      adsnote = {Provided by the SAO/NASA Astrophysics Data System}
}

@ARTICLE{Deming2011,
       author = {{Deming}, Drake and {Sada}, Pedro V. and {Jackson}, Brian and {Peterson}, Steven W. and {Agol}, Eric and {Knutson}, Heather A. and {Jennings}, Donald E. and {Haase}, Flynn and {Bays}, Kevin},
        title = "{Kepler and Ground-based Transits of the Exo-Neptune HAT-P-11b}",
      journal = {\apj},
     keywords = {planetary systems, planets and satellites: general, stars: activity, starspots, Astrophysics - Earth and Planetary Astrophysics},
         year = 2011,
        month = oct,
       volume = {740},
       number = {1},
          eid = {33},
        pages = {33},
          doi = {10.1088/0004-637X/740/1/33},
archivePrefix = {arXiv},
       eprint = {1107.2977},
 primaryClass = {astro-ph.EP},
       adsurl = {https://ui.adsabs.harvard.edu/abs/2011ApJ...740...33D},
      adsnote = {Provided by the SAO/NASA Astrophysics Data System}
}

@ARTICLE{Bakos2010,
       author = {{Bakos}, G. {\'A}. and {Torres}, G. and {P{\'a}l}, A. and {Hartman}, J. and {Kov{\'a}cs}, G{\'e}za and {Noyes}, R.~W. and {Latham}, D.~W. and {Sasselov}, D.~D. and {Sip{\H{o}}cz}, B. and {Esquerdo}, G.~A. and {Fischer}, D.~A. and {Johnson}, J.~A. and {Marcy}, G.~W. and {Butler}, R.~P. and {Isaacson}, H. and {Howard}, A. and {Vogt}, S. and {Kov{\'a}cs}, G{\'a}bor and {Fernandez}, J. and {Mo{\'o}r}, A. and {Stefanik}, R.~P. and {L{\'a}z{\'a}r}, J. and {Papp}, I. and {S{\'a}ri}, P.},
        title = "{HAT-P-11b: A Super-Neptune Planet Transiting a Bright K Star in the Kepler Field}",
      journal = {\apj},
     keywords = {planetary systems, stars: individual: HAT-P-11 GSC 03561-02092, techniques: photometric, techniques: spectroscopic, Astrophysics - Earth and Planetary Astrophysics},
         year = 2010,
        month = feb,
       volume = {710},
       number = {2},
        pages = {1724-1745},
          doi = {10.1088/0004-637X/710/2/1724},
archivePrefix = {arXiv},
       eprint = {0901.0282},
 primaryClass = {astro-ph.EP},
       adsurl = {https://ui.adsabs.harvard.edu/abs/2010ApJ...710.1724B},
      adsnote = {Provided by the SAO/NASA Astrophysics Data System}
}

@ARTICLE{Morris2017,
       author = {{Morris}, Brett M. and {Hebb}, Leslie and {Davenport}, James R.~A. and {Rohn}, Graeme and {Hawley}, Suzanne L.},
        title = "{The Starspots of HAT-P-11: Evidence for a Solar-like Dynamo}",
      journal = {\apj},
     keywords = {stars: activity, stars: magnetic field, starspots, sunspots, Astrophysics - Solar and Stellar Astrophysics, Astrophysics - Earth and Planetary Astrophysics},
         year = 2017,
        month = sep,
       volume = {846},
       number = {2},
          eid = {99},
        pages = {99},
          doi = {10.3847/1538-4357/aa8555},
archivePrefix = {arXiv},
       eprint = {1708.02583},
 primaryClass = {astro-ph.SR},
       adsurl = {https://ui.adsabs.harvard.edu/abs/2017ApJ...846...99M},
      adsnote = {Provided by the SAO/NASA Astrophysics Data System}
}

@ARTICLE{Luger2019,
       author = {{Luger}, Rodrigo and {Agol}, Eric and {Foreman-Mackey}, Daniel and {Fleming}, David P. and {Lustig-Yaeger}, Jacob and {Deitrick}, Russell},
        title = "{starry: Analytic Occultation Light Curves}",
      journal = {\aj},
     keywords = {eclipses, methods: analytical, occultations, techniques: photometric, Astrophysics - Instrumentation and Methods for Astrophysics, Astrophysics - Earth and Planetary Astrophysics, Astrophysics - Solar and Stellar Astrophysics},
         year = 2019,
        month = feb,
       volume = {157},
       number = {2},
          eid = {64},
        pages = {64},
          doi = {10.3847/1538-3881/aae8e5},
archivePrefix = {arXiv},
       eprint = {1810.06559},
 primaryClass = {astro-ph.IM},
       adsurl = {https://ui.adsabs.harvard.edu/abs/2019AJ....157...64L},
      adsnote = {Provided by the SAO/NASA Astrophysics Data System}
}


@ARTICLE{Lim2023,
       author = {{Lim}, Olivia and {Benneke}, Bj{\"o}rn and {Doyon}, Ren{\'e} and {MacDonald}, Ryan J. and {Piaulet}, Caroline and {Artigau}, {\'E}tienne and {Coulombe}, Louis-Philippe and {Radica}, Michael and {L'Heureux}, Alexandrine and {Albert}, Lo{\"\i}c and {Rackham}, Benjamin V. and {de Wit}, Julien and {Salhi}, Salma and {Roy}, Pierre-Alexis and {Flagg}, Laura and {Fournier-Tondreau}, Marylou and {Taylor}, Jake and {Cook}, Neil J. and {Lafreni{\`e}re}, David and {Cowan}, Nicolas B. and {Kaltenegger}, Lisa and {Rowe}, Jason F. and {Espinoza}, N{\'e}stor and {Dang}, Lisa and {Darveau-Bernier}, Antoine},
        title = "{Atmospheric Reconnaissance of TRAPPIST-1 b with JWST/NIRISS: Evidence for Strong Stellar Contamination in the Transmission Spectra}",
      journal = {\apjl},
     keywords = {Extrasolar rocky planets, Exoplanets, M dwarf stars, Stellar activity, Starspots, Stellar faculae, Exoplanet atmospheres, Transmission spectroscopy, 511, 498, 982, 1580, 1572, 1601, 487, 2133, Astrophysics - Earth and Planetary Astrophysics, Astrophysics - Solar and Stellar Astrophysics},
         year = 2023,
        month = sep,
       volume = {955},
       number = {1},
          eid = {L22},
        pages = {L22},
          doi = {10.3847/2041-8213/acf7c4},
archivePrefix = {arXiv},
       eprint = {2309.07047},
 primaryClass = {astro-ph.EP},
       adsurl = {https://ui.adsabs.harvard.edu/abs/2023ApJ...955L..22L},
      adsnote = {Provided by the SAO/NASA Astrophysics Data System}
}

@ARTICLE{Morris2018,
       author = {{Morris}, Brett M. and {Agol}, Eric and {Hebb}, Leslie and {Hawley}, Suzanne L.},
        title = "{Robust Transiting Exoplanet Radii in the Presence of Starspots from Ingress and Egress Durations}",
      journal = {\aj},
     keywords = {eclipses, planets and satellites: fundamental parameters, stars: activity, stars: magnetic field, starspots, Astrophysics - Solar and Stellar Astrophysics, Astrophysics - Earth and Planetary Astrophysics},
         year = 2018,
        month = sep,
       volume = {156},
       number = {3},
          eid = {91},
        pages = {91},
          doi = {10.3847/1538-3881/aad3b7},
archivePrefix = {arXiv},
       eprint = {1807.04886},
 primaryClass = {astro-ph.SR},
       adsurl = {https://ui.adsabs.harvard.edu/abs/2018AJ....156...91M},
      adsnote = {Provided by the SAO/NASA Astrophysics Data System}
}

@ARTICLE{Ducrot2018,
       author = {{Ducrot}, E. and {Sestovic}, M. and {Morris}, B.~M. and {Gillon}, M. and {Triaud}, A.~H.~M.~J. and {De Wit}, J. and {Thimmarayappa}, D. and {Agol}, E. and {Almleaky}, Y. and {Burdanov}, A. and {Burgasser}, A.~J. and {Delrez}, L. and {Demory}, B. -O. and {Jehin}, E. and {Leconte}, J. and {McCormac}, J. and {Murray}, C. and {Queloz}, D. and {Selsis}, F. and {Thompson}, S. and {Van Grootel}, V.},
        title = "{The 0.8-4.5 {\ensuremath{\mu}}m Broadband Transmission Spectra of TRAPPIST-1 Planets}",
      journal = {\aj},
     keywords = {binaries: eclipsing, planetary systems, techniques: photometric, techniques: spectroscopic, Astrophysics - Earth and Planetary Astrophysics},
         year = 2018,
        month = nov,
       volume = {156},
       number = {5},
          eid = {218},
        pages = {218},
          doi = {10.3847/1538-3881/aade94},
archivePrefix = {arXiv},
       eprint = {1807.01402},
 primaryClass = {astro-ph.EP},
       adsurl = {https://ui.adsabs.harvard.edu/abs/2018AJ....156..218D},
      adsnote = {Provided by the SAO/NASA Astrophysics Data System}
}

@ARTICLE{Duane1987,
       author = {{Duane}, Simon and {Kennedy}, A.~D. and {Pendleton}, Brian J. and {Roweth}, Duncan},
        title = "{Hybrid Monte Carlo}",
      journal = {Physics Letters B},
         year = 1987,
        month = sep,
       volume = {195},
       number = {2},
        pages = {216-222},
          doi = {10.1016/0370-2693(87)91197-X},
       adsurl = {https://ui.adsabs.harvard.edu/abs/1987PhLB..195..216D},
      adsnote = {Provided by the SAO/NASA Astrophysics Data System}
}

@ARTICLE{Hoffman2011,
       author = {{Hoffman}, Matthew D. and {Gelman}, Andrew},
        title = "{The No-U-Turn Sampler: Adaptively Setting Path Lengths in Hamiltonian Monte Carlo}",
      journal = {arXiv e-prints},
     keywords = {Statistics - Computation, Computer Science - Machine Learning},
         year = 2011,
        month = nov,
          eid = {arXiv:1111.4246},
        pages = {arXiv:1111.4246},
          doi = {10.48550/arXiv.1111.4246},
archivePrefix = {arXiv},
       eprint = {1111.4246},
 primaryClass = {stat.CO},
       adsurl = {https://ui.adsabs.harvard.edu/abs/2011arXiv1111.4246H},
      adsnote = {Provided by the SAO/NASA Astrophysics Data System}
}

@article{Huang2020,
doi = {10.3847/2515-5172/abca2e},
url = {https://dx.doi.org/10.3847/2515-5172/abca2e},
year = {2020},
month = {nov},
publisher = {The American Astronomical Society},
volume = {4},
number = {11},
pages = {204},
author = {Chelsea X. Huang and Andrew Vanderburg and Andras Pál and Lizhou Sha and Liang Yu and Willie Fong and Michael Fausnaugh and Avi Shporer and Natalia Guerrero and Roland Vanderspek and George Ricker},
title = {Photometry of 10 Million Stars from the First Two Years of TESS Full Frame Images: Part I},
journal = {Research Notes of the AAS},
abstract = {The Transiting Exoplanet Survey Satellite (TESS) is the first high-precision full-sky photometric survey in space. We extracted light curves from a magnitude limited set of stars and other stationary luminous objects from the TESS Full Frame Images using the MIT Quick Look Pipeline. Here, we describe the techniques used to create light curves.}
}

@inproceedings{jenkins2016,
  title={Society of Photo-Optical Instrumentation Engineers (SPIE) Conference Series Vol. 9913, Software and Cyberinfrastructure for Astronomy IV},
  author={Jenkins, JM and Chiozzi, G and Guzman, JC},
  year={2016},
  organization={SPIE Bellingham}
}

@ARTICLE{Libby-Roberts2023,
       author = {{Libby-Roberts}, Jessica E. and {Schutte}, Maria and {Hebb}, Leslie and {Kanodia}, Shubham and {Ca{\~n}as}, Caleb I. and {Stef{\'a}nsson}, Gu{\dh}mundur and {Lin}, Andrea S.~J. and {Mahadevan}, Suvrath and {Parts}, Winter and {Powers}, Luke and {Wisniewski}, John and {Bender}, Chad F. and {Cochran}, William D. and {Diddams}, Scott A. and {Everett}, Mark E. and {Gupta}, Arvind F. and {Halverson}, Samuel and {Kobulnicky}, Henry A. and {Kowalski}, Adam F. and {Larsen}, Alexander and {Monson}, Andrew and {Ninan}, Joe P. and {Parker}, Brock A. and {Ramsey}, Lawrence W. and {Robertson}, Paul and {Schwab}, Christian and {Swaby}, Tera N. and {Terrien}, Ryan C.},
        title = "{An In-depth Look at TOI-3884b: A Super-Neptune Transiting an M4Dwarf with Persistent Starspot Crossings}",
      journal = {\aj},
     keywords = {Exoplanet astronomy, Exoplanets, Exoplanet detection methods, Starspots, 486, 498, 489, 1572},
         year = 2023,
        month = jun,
       volume = {165},
       number = {6},
          eid = {249},
        pages = {249},
          doi = {10.3847/1538-3881/accc2f},
       adsurl = {https://ui.adsabs.harvard.edu/abs/2023AJ....165..249L},
      adsnote = {Provided by the SAO/NASA Astrophysics Data System}
}

@ARTICLE{Almenara2022,
       author = {{Almenara}, J.~M. and {Bonfils}, X. and {Forveille}, T. and {Astudillo-Defru}, N. and {Ciardi}, D.~R. and {Schwarz}, R.~P. and {Collins}, K.~A. and {Cointepas}, M. and {Lund}, M.~B. and {Bouchy}, F. and {Charbonneau}, D. and {D{\'\i}az}, R.~F. and {Delfosse}, X. and {Kidwell}, R.~C. and {Kunimoto}, M. and {Latham}, D.~W. and {Lissauer}, J.~J. and {Murgas}, F. and {Ricker}, G. and {Seager}, S. and {Vezie}, M. and {Watanabe}, D.},
        title = "{TOI-3884 b: A rare 6-R$_{E}$ planet that transits a low-mass star with a giant and likely polar spot}",
      journal = {\aap},
     keywords = {stars: individual: TOI-3884, stars: low-mass, starspots, planetary systems, techniques: photometric, techniques: radial velocities, Astrophysics - Earth and Planetary Astrophysics},
         year = 2022,
        month = nov,
       volume = {667},
          eid = {L11},
        pages = {L11},
          doi = {10.1051/0004-6361/202244791},
archivePrefix = {arXiv},
       eprint = {2210.10909},
 primaryClass = {astro-ph.EP},
       adsurl = {https://ui.adsabs.harvard.edu/abs/2022A&A...667L..11A},
      adsnote = {Provided by the SAO/NASA Astrophysics Data System}
}

@ARTICLE{emcee,
       author = {{Foreman-Mackey}, Daniel and {Hogg}, David W. and {Lang}, Dustin and {Goodman}, Jonathan},
        title = "{emcee: The MCMC Hammer}",
      journal = {\pasp},
     keywords = {Astrophysics - Instrumentation and Methods for Astrophysics, Physics - Computational Physics, Statistics - Computation},
         year = 2013,
        month = mar,
       volume = {125},
       number = {925},
        pages = {306},
          doi = {10.1086/670067},
archivePrefix = {arXiv},
       eprint = {1202.3665},
 primaryClass = {astro-ph.IM},
       adsurl = {https://ui.adsabs.harvard.edu/abs/2013PASP..125..306F},
      adsnote = {Provided by the SAO/NASA Astrophysics Data System}
}

@ARTICLE{ptemcee,
       author = {{Vousden}, W.~D. and {Farr}, W.~M. and {Mandel}, I.},
        title = "{Dynamic temperature selection for parallel tempering in Markov chain Monte Carlo simulations}",
      journal = {\mnras},
     keywords = {methods: data analysis, methods: numerical, methods: statistical, Astrophysics - Instrumentation and Methods for Astrophysics},
         year = 2016,
        month = jan,
       volume = {455},
       number = {2},
        pages = {1919-1937},
          doi = {10.1093/mnras/stv2422},
archivePrefix = {arXiv},
       eprint = {1501.05823},
 primaryClass = {astro-ph.IM},
       adsurl = {https://ui.adsabs.harvard.edu/abs/2016MNRAS.455.1919V},
      adsnote = {Provided by the SAO/NASA Astrophysics Data System}
}